@misc{mcnutt2014reproducibility,
  title={Reproducibility},
  author={McNutt, Marcia},
  year={2014},
  publisher={American Association for the Advancement of Science},
  doi={10.1126/science.1250475}
}
@article{baker2016reproducibility,
  title={Is there a reproducibility crisis?},
  author={Baker, Monya},
  journal={Nature},
  volume={533},
  number={26},
  pages={353--66},
  year={2016},
  doi={10.1038/d41586-019-00067-3}
}
